@Book{aguilar2008,
  author = 	 {Luis Joyanes Aguilar},
  title = 	 {FUNDAMENTOS DE PROGRAMACIÓN:Algoritmos, estructura de datos y objetos},
  publisher = 	 {McGraw-Hill},
  year = 	 2008}

@Book{sierra98,
  author = 	 {Fco. Javier Ceballos Sierra},
  title = 	 {Programación orientada a objetos con C++},
  publisher = 	 {RA-MA Editor},
  year = 	 1998}

@book{Stroustrup:238465,
      author        = "Stroustrup, Bjarne",
      title         = "{The C++ programming language; 2nd ed.}",
      publisher     = "Addison-Wesley",
      address       = "Reading, MA",
      year          = "1991",
      url           = "https://cds.cern.ch/record/238465",
}


@Book{cobbaut15:_linux_fundam,
  author = 	 {Paul Cobbaut},
  title = 	 {Linux Fundamental},
  publisher = 	 {Netsec BVBA},
  year = 	 2015}


@Book{Francis2020,
  author = 	 {Stalin Francis},
  title = 	 {Fundamentos de programación: Desarrollo en C++ utilizando dispositivos moviles},
  publisher = 	 {EDUCAYSOFT},
  year = 	 2020}



@misc{HistoriaOrdenador,
author = {Youtube},
title = {La Historia de la Computadora y Computacion - Documental Completo},
year = 1999,
howpublished = "url{https://www.youtube.com/watch?v=7eOKcLnm0Xo}",
urldate = {01-10-2015}
}


@misc{Arquiecturapc1,
author = {Youtube},
title = {Estructura de Computadores - Unidad 1: Introducción - José Luis Abellán},
year = 2014,
howpublished = "url{https://www.youtube.com/watch?v=6EPsiLs8HPM}",
urldate = {25-02-2015}
}

@misc{Arquiecturapc2,
author = {Youtube},
title = {Estructura de Computadores - Unidad 2: Introducción - José Luis Abellán},
year = 2015,
howpublished = "url{https://www.youtube.com/watch?v=6EPsiLs8HPM}",
urldate = {25-02-2015}
}



@Book{bronson07:_c,
  author = 	 {G. Bronson},
  title = 	 {C++ para ingeniería y ciencias},
  publisher = 	 {G. Borse, Lehigh University},
  year = 	 2007}

